@article{fantle2007isotopes,
  title={Ca isotopes in carbonate sediment and pore fluid from ODP Site 807A: the Ca 2+(aq)--calcite equilibrium fractionation factor and calcite recrystallization rates in Pleistocene sediments},
  author={Fantle, Matthew S and DePaolo, Donald J},
  journal={Geochimica et Cosmochimica Acta},
  volume={71},
  number={10},
  pages={2524--2546},
  year={2007},
  publisher={Pergamon}
}